
%% Online soft committee machine
@article{veiga2022phase,
  title={Phase diagram of Stochastic Gradient Descent in high-dimensional two-layer neural networks},
  author={Veiga, Rodrigo and Stephan, Ludovic and Loureiro, Bruno and Krzakala, Florent and Zdeborov{\'a}, Lenka},
  journal={arXiv e-prints},
  pages={arXiv--2202},
  year={2022}
}

@article{aubin2018committee,
  title={The committee machine: Computational to statistical gaps in learning a two-layers neural network},
  author={Aubin, Benjamin and Maillard, Antoine and Krzakala, Florent and Macris, Nicolas and Zdeborov{\'a}, Lenka and others},
  journal={Advances in Neural Information Processing Systems},
  volume={31},
  year={2018}
}

@article{saad1995line,
  title={On-line learning in soft committee machines},
  author={Saad, David and Solla, Sara A},
  journal={Physical Review E},
  volume={52},
  number={4},
  pages={4225},
  year={1995},
  publisher={APS}
}

@article{goldt2019dynamics,
  title={Dynamics of stochastic gradient descent for two-layer neural networks in the teacher-student setup},
  author={Goldt, Sebastian and Advani, Madhu and Saxe, Andrew M and Krzakala, Florent and Zdeborov{\'a}, Lenka},
  journal={Advances in neural information processing systems},
  volume={32},
  year={2019}
}

@article{wang2017scaling,
  title={Scaling limit: Exact and tractable analysis of online learning algorithms with applications to regularized regression and PCA},
  author={Wang, Chuang and Mattingly, Jonathan and Lu, Yue M},
  journal={arXiv preprint arXiv:1712.04332},
  year={2017}
}

@article{wang2019solvable,
  title={A solvable high-dimensional model of GAN},
  author={Wang, Chuang and Hu, Hong and Lu, Yue},
  journal={Advances in Neural Information Processing Systems},
  volume={32},
  year={2019}
}


%% Generic Neural Networks
@incollection{szandala2021review,
  title={Review and comparison of commonly used activation functions for deep neural networks},
  author={Szanda{\l}a, Tomasz},
  booktitle={Bio-inspired neurocomputing},
  pages={203--224},
  year={2021},
  publisher={Springer}
}

% SDE
@book{morters2010brownian,
  title={Brownian motion},
  author={M{\"o}rters, Peter and Peres, Yuval},
  volume={30},
  year={2010},
  publisher={Cambridge University Press}
}

%% Isserlis 
@article{withers1985moments,
  title={The moments of the multivariate normal},
  author={Withers, Christopher S},
  journal={Bulletin of the Australian Mathematical Society},
  volume={32},
  number={1},
  pages={103--107},
  year={1985},
  publisher={Cambridge University Press}
}

%% External package
@incollection{pytorch2019, 
  title = {PyTorch: An Imperative Style, High-Performance Deep Learning Library}, 
  author = {Paszke, Adam and Gross, Sam and Massa, Francisco and Lerer, Adam and Bradbury, James and Chanan, Gregory and Killeen, Trevor and Lin, Zeming and Gimelshein, Natalia and Antiga, Luca and Desmaison, Alban and Kopf, Andreas and Yang, Edward and DeVito, Zachary and Raison, Martin and Tejani, Alykhan and Chilamkurthy, Sasank and Steiner, Benoit and Fang, Lu and Bai, Junjie and Chintala, Soumith}, 
  booktitle = {Advances in Neural Information Processing Systems 32}, 
  pages = {8024--8035}, 
  year = {2019}, 
  publisher = {Curran Associates, Inc.}, 
  url = {http://papers.neurips.cc/paper/9015-pytorch-an-imperative-style-high-performance-deep-learning-library.pdf} 
}

%% Phase retrivial
@article{mignacco2021stochasticity,
  title={Stochasticity helps to navigate rough landscapes: comparing gradient-descent-based algorithms in the phase retrieval problem},
  author={Mignacco, Francesca and Urbani, Pierfrancesco and Zdeborov{\'a}, Lenka},
  journal={Machine Learning: Science and Technology},
  volume={2},
  number={3},
  pages={035029},
  year={2021},
  publisher={IOP Publishing}
}

@article{maillard2020phase,
  title={Phase retrieval in high dimensions: Statistical and computational phase transitions},
  author={Maillard, Antoine and Loureiro, Bruno and Krzakala, Florent and Zdeborov{\'a}, Lenka},
  journal={Advances in Neural Information Processing Systems},
  volume={33},
  pages={11071--11082},
  year={2020}
}

@inproceedings{mondelli2018fundamental,
  title={Fundamental limits of weak recovery with applications to phase retrieval},
  author={Mondelli, Marco and Montanari, Andrea},
  booktitle={Conference On Learning Theory},
  pages={1445--1450},
  year={2018},
  organization={PMLR}
}

@article{sarao2020complex,
  title={Complex dynamics in simple neural networks: Understanding gradient flow in phase retrieval},
  author={Sarao Mannelli, Stefano and Biroli, Giulio and Cammarota, Chiara and Krzakala, Florent and Urbani, Pierfrancesco and Zdeborov{\'a}, Lenka},
  journal={Advances in Neural Information Processing Systems},
  volume={33},
  pages={3265--3274},
  year={2020}
}

@article{sarao2020optimization,
  title={Optimization and generalization of shallow neural networks with quadratic activation functions},
  author={Sarao Mannelli, Stefano and Vanden-Eijnden, Eric and Zdeborov{\'a}, Lenka},
  journal={Advances in Neural Information Processing Systems},
  volume={33},
  pages={13445--13455},
  year={2020}
}

@article{arous2021online,
  title={Online stochastic gradient descent on non-convex losses from high-dimensional inference.},
  author={Arous, Gerard Ben and Gheissari, Reza and Jagannath, Aukosh},
  journal={J. Mach. Learn. Res.},
  volume={22},
  pages={106--1},
  year={2021}
}

%% Random
@misc{enwiki:halfnormaldistribution,
  author = "{Wikipedia contributors}",
  title = "Half-normal distribution --- {Wikipedia}{,} The Free Encyclopedia",
  year = "2022",
  howpublished = "\url{https://en.wikipedia.org/w/index.php?title=Half-normal_distribution&oldid=1089937121}",
  note = "[Online; accessed 1-August-2022]"
}